
@book{principles-of-mathematical-analysis,
	title={Principles of Mathematical Analysis},
	author={Rudin, Walter},
	publisher={McGraw-Hill},
	year={1976},
	edition={3},
	isbn={978-1-25-906478-4}
}

@book{the-real-numbers-and-real-analysis,
	title={The Real Numbers and Real Analysis},
	author={Bloch, Ethan D.},
	publisher={Springer},
	year={2011},
	edition={1},
	isbn={978-0-387-72176-7}
}
